@Article{Ciocarlie2009,
  Title                    = {Hand Posture Subspaces for Dexterous Robotic Grasping},
  Author                   = {Ciocarlie, Matei T. and Allen, Peter K.},
  Journal                  = {Int. J. Rob. Res.},
  Year                     = {2009},
  Month                    = {july},
  Number                   = {7},
  Pages                    = {851--867},
  Volume                   = {28},
  Acmid                    = {1558376},
  Address                  = {Thousand Oaks, CA, USA},
  Doi                      = {10.1177/0278364909105606},
  ISSN                     = {0278-3649},
  Keywords                 = {dexterous robotic hands; hand prosthetics.; interactive grasping},
  Numpages                 = {17},
  Owner                    = {cd},
  Publisher                = {Sage Publications, Inc.},
  Timestamp                = {2016.10.11}
}
 
@Article{Zuliani2008,
  Title                    = {Hand Posture Subspaces for Dexterous Robotic Grasping},
  Author                   = {Ciocarlie, Matei T. and Allen, Peter K.},
  Journal                  = {Int. J. Rob. Res.},
  Year                     = {2009},
  Month                    = {july},
  Number                   = {7},
  Pages                    = {851--867},
  Volume                   = {28},
  Acmid                    = {1558376},
  Address                  = {Thousand Oaks, CA, USA},
  Doi                      = {10.1177/0278364909105606},
  ISSN                     = {0278-3649},
  Keywords                 = {dexterous robotic hands; hand prosthetics.; interactive grasping},
  Numpages                 = {17},
  Owner                    = {cd},
  Publisher                = {Sage Publications, Inc.},
  Timestamp                = {2016.10.11}
}
 
